% Publisher

@string{ap="Academic Press"}
@string{cup="Cambridge University Press"}
@string{mcgh="Mc Graw-Hill"}
@string{nh="North Holland"}
@string{sv="Springer"}
@string{aw="Addison-Wesley"}
@string{ph="Prentice Hall"}
@string{mp="The MIT Press"}
@string{acmp="ACM Press"}

% Institutions-Schools

@string{cmum="Carnegie-Mellon Univ., Dept. of Math."}
@string{cucs="Cornell Univ., Dept. of Comp. Sci."}
@string{eth="E.T.H. Zurich"}
@string{eucs="Edinburgh Univ., Dept. of Comp. Sci."}
@string{mit="Massachusetts Institute of Technology"}
@string{lfcs="LFCS, Dept. of Comp. Sci.,  Edinburgh Univ."}
@string{lip="LIP -- ENS Lyon"}
@string{hal="http://hal.archives-ouvertes.fr/"}
@string{uccl="Cambridge Univ., Computer Lab"}

@string{acm="ACM"}
@string{ieee="IEEE"}
@string{bl="Bell Laboratories"}

% Journals

@string{acta="Acta Informatica"}
@string{acmsigp="ACM Sigplan Notices"}
@string{a&l="Algebra and Logic"}
@string{aml="Annals of Mathematical Logic"}
@string{amstran="Trans. AMS"},
@string{au="Algebra Universalis"}
@string{cmsjb="Colloquia Mathematica Societatis Janos Bolyai"},
@string{dm="Dissertationes Mathematicae"}
@string{fm="Fundamenta Matematicae"}
@string{ic="Information and Computation"}
@string{im="Indagationes Mathematicae"}
@string{jcss="JCSS"}
@string{jlap="Journal of Logic and Algebraic Programming"}
@string{jmscs="Journal of Math. Struct. in Computer Science"}
@string{jpaa="Journal of Pure and Applied Algebra"}
@string{jsl="Journal of Symbolic Logic"}
@string{mpcps="Math. Proc. Camb. Phil. Soc."}
@string{mst="Mathematical System  Theory"}
@string{rmup="Rivista Matematica dell' Universita' di Parma"}
@string{siamjc="SIAM Journal of Computing"}
@string{tpls="ACM Trans. on Progr. Lang. and Sys."}
@string{tcl="ACM Trans. on Comput. Logic"}
@string{tcs="Theoretical Computer Science"}
@string{zml="Zeitschrift fur Mathematische Logik"}
@string{zmlgm="Zeitschr. f. math. Logik und Grundlagen d. Math."}
@string{entcs="Electronical Notes in Computer Science"}
@string{jar={Journal of Automated Reasoning}}

% Series

%@string{lncs="Lecture Notes in Computer Science"}
@string{lncs="LNCS"}
@string{lnm="Lecture Notes in Mathematics"}
@string{csam="Cambridge Studies in Advanced Mathematics"}
@string{sl="Studies in Logic"}

% Collections

@string{ash="Applications of Sheaves"}
@string{asls82="Atti della Scuola di Logica di Siena, 1982"}
@string{bcs="The L.E.J. Brouwer Centenary Symposium"}
@string{hbc="To H.B. Curry: essays in Combinatory Logic,
		lambda calculus and Formalisms"}
@string{hml="Handbook of Mathematical Logic"}
@string{hphl="Handbook of Philosophical Logic"}

@TechReport{UCAM-CL-TR-77,
  author =	 {M. Gordon},
  title =	 {{W}hy {H}igher-{O}rder {L}ogic is a {G}ood
                  {F}ormalism for {S}pecifying and {V}erifying
                  {H}ardware},
  institution =	 uccl,
  issn =	 {1476-2986},
  number =	 {UCAM-CL-TR-77},
  year =	 1985,
}

@inproceedings{DBLP:conf/birthday/Berry00,
  author    = {G. Berry},
  title     = {The foundations of {E}sterel},
  booktitle     = {Proof, Language, and Interaction, Essays in Honour of Robin
               Milner},
  publisher = {The MIT Press},
  year      = 2000,
  isbn      = {978-0-262-16188-6},
}


@inproceedings{hunt89,
  author =	 {W. A. Hunt Jr. and B. Brock},
  title =	 {{The Verification of a Bit-slice ALU}},
  booktitle =	 {{Hardware Specification, Verification and
                  Synthesis}},
  year =	 1989,
  pages =	 {282-306},
  publisher =	 sv,
  series =	 lncs,
  volume =	 408,
}


@inproceedings{hanna-veritas,
  author =	 {F. K. Hanna and N. Daeche and M. Longley},
  title =	 {{Veritas$^{\mbox{+}}$: A Specification Language
                  Based on Type Theory}},
  booktitle =	 {{Hardware Specification, Verification and
                  Synthesis}},
  publisher =	 sv,
  series =	 lncs,
  year =	 1989,
  pages =	 {358-379},
}

@article{vamp,
  author    = {S. Beyer and
               C. Jacobi and
               D. Kr{\"o}ning and
               D. Leinenbach and
               W. J. Paul},
  title     = {Putting it all together - Formal verification of the VAMP},
  journal   = {STTT},
  volume    = {8},
  number    = {4-5},
  year      = {2006},
  pages     = {411-430},
  ee        = {http://dx.doi.org/10.1007/s10009-006-0204-6},
  bibsource = {DBLP, http://dblp.uni-trier.de}
}

@article{certifying-circuits-in-type-theory,
  author =	 {S. Coupet-Grimal and L. Jakubiec},
  title =	 {Certifying circuits in Type Theory},
  journal =	 {Formal Asp. Comput.},
  volume =	 16,
  number =	 4,
  year =	 2004,
  pages =	 {352-373},
  ee =		 {http://dx.doi.org/10.1007/s00165-004-0048-3},
  bibsource =	 {DBLP, http://dblp.uni-trier.de}
}

@article{Leroy-Compcert-CACM,
  author = {X. Leroy},
  title = {Formal verification of a realistic compiler},
  journal = {CACM},
  year = 2009,
  volume = 52,
  number = 7,
  pages = {107--115},
  urlpublisher = {http://doi.acm.org/10.1145/1538788.1538814},
  hal = {http://hal.archives-ouvertes.fr/inria-00415861/},
  pubkind = {journal-int-mono},
  abstract = {This paper reports on the development and formal verification (proof
of semantic preservation) of CompCert, a compiler from Clight (a
large subset of the C programming language) to PowerPC assembly code,
using the Coq proof assistant both for programming the compiler and
for proving its correctness.  Such a verified compiler is useful in
the context of critical software and its formal verification: the
verification of the compiler guarantees that the safety properties
proved on the source code hold for the executable compiled code as
well.}
}


@inproceedings{phoas-chlipala,
  author    = {A. Chlipala},
  title     = {Parametric higher-order abstract syntax for mechanized semantics},
  booktitle = {Proc.\ ICFP},
  year      = {2008},
  pages     = {143-156},
  publisher = {ACM},
}


@Manual{bluespec,
  title = 	 {{B}luespec {L}anguage definition},
  author = {L. Augustsson and J. Schwarz and R. S. Nikhil}, 
  year = {2001}
}

