% Publisher

@string{ap="Academic Press"}
@string{cup="Cambridge University Press"}
@string{mcgh="Mc Graw-Hill"}
@string{nh="North Holland"}
@string{sv="Springer"}
@string{aw="Addison-Wesley"}
@string{ph="Prentice Hall"}
@string{mp="The MIT Press"}
@string{acmp="ACM Press"}

% Institutions-Schools

@string{cmum="Carnegie-Mellon Univ., Dept. of Math."}
@string{cucs="Cornell Univ., Dept. of Comp. Sci."}
@string{eth="E.T.H. Zurich"}
@string{eucs="Edinburgh Univ., Dept. of Comp. Sci."}
@string{mit="Massachusetts Institute of Technology"}
@string{lfcs="LFCS, Dept. of Comp. Sci.,  Edinburgh Univ."}
@string{lip="LIP -- ENS Lyon"}
@string{hal="http://hal.archives-ouvertes.fr/"}
@string{uccl="Cambridge Univ., Comp. Lab"}

@string{acm="ACM"}
@string{ieee="IEEE"}
@string{bl="Bell Laboratories"}

% Journals

@string{acta="Acta Informatica"}
@string{acmsigp="ACM Sigplan Notices"}
@string{a&l="Algebra and Logic"}
@string{aml="Annals of Mathematical Logic"}
@string{amstran="Trans. AMS"},
@string{au="Algebra Universalis"}
@string{cmsjb="Colloquia Mathematica Societatis Janos Bolyai"},
@string{dm="Dissertationes Mathematicae"}
@string{fm="Fundamenta Matematicae"}
@string{ic="Information and Computation"}
@string{im="Indagationes Mathematicae"}
@string{jcss="JCSS"}
@string{jlap="Journal of Logic and Algebraic Programming"}
@string{jmscs="Journal of Math. Struct. in Computer Science"}
@string{jpaa="Journal of Pure and Applied Algebra"}
@string{jsl="Journal of Symbolic Logic"}
@string{mpcps="Math. Proc. Camb. Phil. Soc."}
@string{mst="Mathematical System  Theory"}
@string{rmup="Rivista Matematica dell' Universita' di Parma"}
@string{siamjc="SIAM Journal of Computing"}
@string{tpls="ACM Trans. on Progr. Lang. and Sys."}
@string{tcl="ACM Trans. on Comput. Logic"}
@string{tcs="Theoretical Computer Science"}
@string{zml="Zeitschrift fur Mathematische Logik"}
@string{zmlgm="Zeitschr. f. math. Logik und Grundlagen d. Math."}
@string{entcs="Electronical Notes in Computer Science"}
@string{jar={Journal of Automated Reasoning}}

% Series

%@string{lncs="Lecture Notes in Computer Science"}
@string{lncs="LNCS"}
@string{lnm="Lecture Notes in Mathematics"}
@string{csam="Cambridge Studies in Advanced Mathematics"}
@string{sl="Studies in Logic"}

% Collections

@string{ash="Applications of Sheaves"}
@string{asls82="Atti della Scuola di Logica di Siena, 1982"}
@string{bcs="The L.E.J. Brouwer Centenary Symposium"}
@string{hbc="To H.B. Curry: essays in Combinatory Logic,
		lambda calculus and Formalisms"}
@string{hml="Handbook of Mathematical Logic"}
@string{hphl="Handbook of Philosophical Logic"}


@misc{UCAM-CL-TR-77,
  author =	 {M. Gordon},
  title =	 {{W}hy {H}igher-{O}rder {L}ogic is a {G}ood
                  {F}ormalism for {S}pecifying and {V}erifying
                  {H}ardware},
  institution =	 uccl,
  issn =	 {1476-2986},
  number =	 {UCAM-CL-TR-77},
  year =	 1985,
}

@inproceedings{DBLP:conf/birthday/Berry00,
  author    = {G. Berry},
  title     = {The foundations of {E}sterel},
  booktitle     = {Proof, Language, and Interaction, Essays in Honour of Robin
               Milner},
  publisher = {The MIT Press},
  year      = 2000,
  isbn      = {978-0-262-16188-6},
}


@inproceedings{hunt89,
  author =	 {W. A. Hunt Jr. and B. Brock},
  title =	 {{The Verification of a Bit-slice ALU}},
  booktitle =	 {{Hardware Specification, Verification and
                  Synthesis}},
  year =	 1989,
  pages =	 {282-306},
  publisher =	 sv,
  series =	 lncs,
  volume =	 408,
}


@inproceedings{hanna-veritas,
  author =	 {F. K. Hanna and N. Daeche and M. Longley},
  title =	 {{Veritas$^{\mbox{+}}$: A Specification Language
                  Based on Type Theory}},
  booktitle =	 {{Hardware Specification, Verification and
                  Synthesis}},
  publisher =	 sv,
  series =	 lncs,
  year =	 1989,
  pages =	 {358-379},
}

@article{vamp,
  author    = {S. Beyer and
               C. Jacobi and
               D. Kr{\"o}ning and
               D. Leinenbach and
               W. J. Paul},
  title     = {{Putting it all together - Formal verification of the VAMP}},
  journal   = {STTT},
  volume    = {8},
  number    = {4-5},
  year      = {2006},
  pages     = {411-430},
  ee        = {http://dx.doi.org/10.1007/s10009-006-0204-6},
  bibsource = {DBLP, http://dblp.uni-trier.de}
}

@article{certifying-circuits-in-type-theory,
  author =	 {S. Coupet-Grimal and L. Jakubiec},
  title =	 {Certifying circuits in Type Theory},
  journal =	 {Formal Asp. Comput.},
  volume =	 16,
  number =	 4,
  year =	 2004,
  pages =	 {352-373},
  ee =		 {http://dx.doi.org/10.1007/s00165-004-0048-3},
  bibsource =	 {DBLP, http://dblp.uni-trier.de}
}

@article{Leroy-Compcert-CACM,
  author = {X. Leroy},
  title = {Formal verification of a realistic compiler},
  journal = {CACM},
  year = 2009,
  volume = 52,
  number = 7,
  pages = {107--115},
  urlpublisher = {http://doi.acm.org/10.1145/1538788.1538814},
  hal = {http://hal.archives-ouvertes.fr/inria-00415861/},
  pubkind = {journal-int-mono},
  abstract = {This paper reports on the development and formal verification (proof
of semantic preservation) of CompCert, a compiler from Clight (a
large subset of the C programming language) to PowerPC assembly code,
using the Coq proof assistant both for programming the compiler and
for proving its correctness.  Such a verified compiler is useful in
the context of critical software and its formal verification: the
verification of the compiler guarantees that the safety properties
proved on the source code hold for the executable compiled code as
well.}
}


@inproceedings{phoas-chlipala,
  author    = {A. Chlipala},
  title     = {Parametric higher-order abstract syntax for mechanized semantics},
  booktitle = {Proc.\ ICFP},
  year      = {2008},
  pages     = {143-156},
  publisher = {ACM},
}


@Manual{bluespec,
  title = 	 {{B}luespec {L}anguage definition},
  author = {L. Augustsson and J. Schwarz and R. S. Nikhil}, 
  year = {2001}
}

@Manual{bsv-by-example,
  title = 	 {BSV by Example},
  author = {R. S. Nikhil and K. R. Czeck},
  year = {2010}
}

%articles 

@book{network-algebra,
 author = {G. Stef\u{a}nescu},
 title = {Network Algebra},
 year = {2000},
 isbn = {185233195X},
 publisher = sv,
 address = {Secaucus, NJ, USA},
 }


@inproceedings{functional-netlist,
  author    = {S. Park and
               J. Kim and
               H. Im},
  title     = {{F}unctional {N}etlists},
  booktitle = {Proc.\ ICFP},
  year      = 2008,
  pages     = {353-366},
  ee        = {http://doi.acm.org/10.1145/1411204.1411253},
  publisher = {ACM},
  isbn      = {978-1-59593-919-7},
  bibsource = {DBLP, http://dblp.uni-trier.de}
}

@inproceedings{algebra-scans,
  author    = {R. Hinze},
  title     = {An {A}lgebra of {S}cans},
  booktitle = {MPC},
  year      = 2004,
  pages     = {186-210},
  ee        = {http://springerlink.metapress.com/openurl.asp?genre=article{\&}issn=0302-9743{\&}volume=3125{\&}spage=186},
  publisher = sv,
  series    = lncs,
  bibsource = {DBLP, http://dblp.uni-trier.de}
}

@ARTICLE{lafont,
    author = {Y. Lafont},
    title = {Towards an algebraic theory of Boolean circuits},
    journal = {Journal of Pure and Applied Algebra},
    year = 2003,
    volume = 184,
    pages = {257-310}
}


@article{DBLP:journals/fac/SlindOIG07,
  author    = {K. Slind and 
               S. Owens and
               J. Iyoda and
               M. Gordon},
  title     = {Proof producing synthesis of arithmetic and cryptographic
               hardware},
  journal   = {Formal Asp. Comput.},
  volume    = {19},
  number    = {3},
  year      = {2007},
  pages     = {343-362},
  ee        = {http://dx.doi.org/10.1007/s00165-007-0028-5},
  bibsource = {DBLP, http://dblp.uni-trier.de}
}

@TechReport{UCAM-CL-TR-682,
  author =	 {J. Iyoda},
  title = 	 {{Translating HOL functions to hardware}},
  year = 	 2007,
  month = 	 apr,
  url = 	 {http://www.cl.cam.ac.uk/techreports/UCAM-CL-TR-682.pdf},
  institution =  uccl, 
  number = 	 {UCAM-CL-TR-682}
}

@inproceedings{WildmoserN-TPHOLs04,
author={M. Wildmoser and T. Nipkow},
title={{Certifying Machine Code Safety: Shallow versus Deep Embedding}},
booktitle={Proc.\ TPHOLs},
publisher=sv,
series=lncs, 
volume=3223,
pages={305-320},
year=2004}



@inproceedings{paulin-mohring-multiplier,
  author    = {C. Paulin-Mohring},
  title     = {Circuits as {S}treams in {C}oq: {V}erification of a {S}equential {M}ultiplier},
  booktitle = {TYPES},
  year      = 1995,
  pages     = {216-230},
  ee        = {http://dx.doi.org/10.1007/3-540-61780-9_72},
  bibsource = {DBLP, http://dblp.uni-trier.de}
}

@BOOK{melham,
  AUTHOR = {T. Melham},
  TITLE = {Higher Order Logic and Hardware Verification},
  PUBLISHER = {Cambridge University Press},
  YEAR = {1993},
  SERIES = {Cambridge Tracts in Theoretical Computer Science},
  VOLUME = {31},
  ISBN = {0-521-41718-X},
  URL = {http://www.comlab.ox.ac.uk/tom.melham/pub/Melham-1993-HOL.html}
}


@inproceedings{Bjesse98lava:hardware,
    author = {P. Bjesse and K. Claessen and M. Sheeran and S. Singh},
    title = {{L}ava: {H}ardware {D}esign in {H}askell},
    booktitle = {Proc.\ ICFP},
    year = 1998,
    pages = {174-184},
    publisher = {ACM Press}
}

@article{DBLP:journals/jucs/Sheeran05,
  author    = {M. Sheeran},
  title     = {{H}ardware {D}esign and {F}unctional {P}rogramming: a {P}erfect {M}atch},
  journal   = {J. UCS},
  volume    = 11,
  number    = 7,
  year      = 2005,
  pages     = {1135-1158},
  ee        = {http://www.jucs.org/jucs_11_7/hardware_design_and_functional},
  bibsource = {DBLP, http://dblp.uni-trier.de}
}

@inproceedings{sheeran-muFP,
  author    = {M. Sheeran},
  title     = {{$\mu$FP, A Language for VLSI Design}},
  booktitle = {{LISP and Functional Programming}},
  year      = {1984},
  pages     = {104-112},
  bibsource = {DBLP, http://dblp.uni-trier.de}
}

@inproceedings{DBLP:conf/msiw/HuntB89,
  author    = {W. A. Hunt Jr. and
               B. Brock},
  title     = {{The Verification of a Bit-slice ALU}},
  booktitle = {{Hardware Specification, Verification and Synthesis}},
  year      = {1989},
  pages     = {282-306},
  publisher = sv,
  series    = lncs,
  volume    = {408},
}

@article{DBLP:journals/fmsd/BrockH97,
  author    = {B. Brock and
               W. A. Hunt Jr.},
  title     = {{The DUAL-EVAL Hardware Description Language and Its Use
               in the Formal Specification and Verification of the FM9001
               Microprocessor}},
  journal   = {{Formal Methods in System Design}},
  volume    = 11,
  number    = 1,
  year      = 1997,
  pages     = {71-104},
  ee        = {http://dx.doi.org/10.1023/A:1008685826293},
  bibsource = {DBLP, http://dblp.uni-trier.de}
}



@INPROCEEDINGS{harrison-euclidean,                                           
author          = {J. R. Harrison},
title           = {A {HOL} Theory of {E}uclidean space},
booktitle       = {{Proc.\ TPHOLs}}, 
publisher       = sv,
series          = lncs,
volume          = 3603,                                          
pages           = {114-129},
year            = 2005}

@article{ssreflect,
  AUTHOR = {G. Gonthier and A. Mahboubi},
  TITLE = {{An introduction to small scale reflection in Coq}},
  JOURNAL = {{Journal of Formalized Reasoning}},
  PUBLISHER = {Journal of Formalized Reasoning},
  VOLUME = 3,
  NUMBER = 2,
  PAGES = {95-152},
  YEAR = 2010,
  URL = {http://hal.inria.fr/inria-00515548/en}
}

@article{Leroy-backend,
  author = {X. Leroy},
  title = {A formally verified compiler back-end},
  journal = {Journal of Automated Reasoning},
  volume = 43,
  number = 4,
  pages = {363-446},
  year = 2009,
  url = {http://gallium.inria.fr/~xleroy/publi/compcert-backend.pdf},
  urlpublisher = {http://dx.doi.org/10.1007/s10817-009-9155-4},
  hal = {http://hal.inria.fr/inria-00360768/},
  pubkind = {journal-int-mono}
}
@article{bryant-86,
  author    = {R. E. Bryant},
  title     = {{G}raph-{B}ased {A}lgorithms for {B}oolean {F}unction {M}anipulation},
  journal   = {IEEE Trans. Computers},
  volume    = {35},
  number    = {8},
  year      = {1986},
  pages     = {677-691},
  bibsource = {DBLP, http://dblp.uni-trier.de}
}

@book{aho-ullman,
  author = {A. V. Aho and J. D. Ullman},
  title = {Foundations of {C}omputer {S}cience},
  publisher = { Computer Science Press, W. H. Freeman and  Company},
  year = 1992,
}

@inproceedings{DBLP:conf/cav/Bjesse08,
  author    = {P. Bjesse},
  title     = {A Practical Approach to Word Level Model Checking of Industrial
               Netlists},
  booktitle = {Proc.\ CAV},
  year      = {2008},
  pages     = {446-458},
  ee        = {http://dx.doi.org/10.1007/978-3-540-70545-1_43},
  bibsource = {DBLP, http://dblp.uni-trier.de}
}

@inproceedings{brown-hutton,
  author    = {C. Brown and
               G. Hutton},
  title     = {Categories, Allegories and Circuit Design},
  booktitle = {Proc.\ LICS},
  publisher = {IEEE Computer Society},
  year      = {1994},
  pages     = {372-381},
  bibsource = {DBLP, http://dblp.uni-trier.de}
}


@MISC{iverilog,
  key ={iverilog},
  howpublished={\url{http://iverilog.icarus.com/}}
}

@inproceedings{GoS,
  author    = {D. R. Ghica},
  title     = {{Geometry of synthesis: a structured approach to VLSI design}},
  booktitle = {Proc.\ POPL},
  year      = 2007,
  pages     = {363-375},
  ee        = {http://doi.acm.org/10.1145/1190216.1190269},
}

 
@article{DBLP:journals/jar/BentonHKM12,
  author    = {N. Benton and
               C.-K. Hur and
               A. Kennedy and
               C. McBride},
  title     = {{Strongly Typed Term Representations in Coq}},
  journal   = {J. Autom. Reasoning},
  volume    = {49},
  number    = {2},
  year      = {2012},
  pages     = {141-159},
  ee        = {http://dx.doi.org/10.1007/s10817-011-9219-0},
  bibsource = {DBLP, http://dblp.uni-trier.de}
}


@article{DBLP:journals/cj/Gordon02,
  author    = {M. J. C. Gordon},
  title     = {{R}elating {E}vent and {T}race {S}emantics of {H}ardware {D}escription
               {L}anguages},
  journal   = {Comput. J.},
  volume    = 45,
  number    = 1,
  year      = 2002,
  pages     = {27-36},
  ee        = {http://dx.doi.org/10.1093/comjnl/45.1.27},
  bibsource = {DBLP, http://dblp.uni-trier.de}
}

@inproceedings{DBLP:conf/popl/Chlipala10,
  author    = {A. Chlipala},
  title     = {{A verified compiler for an impure functional language}},
  booktitle = {Proc.\ POPL},
  year      = {2010},
  pages     = {93-106},
  publisher = {ACM},
}

@book{DBLP:books/mg/CormenLRS01,
  author    = {T. H. Cormen and
               C. E. Leiserson and
               R. L. Rivest and
               C. Stein},
  title     = {Introduction to Algorithms, 2nd Edition},
  publisher = {The MIT Press and McGraw-Hill Book Company},
  year      = {2001},
}

@inproceedings{DBLP:conf/afips/Batcher68,
  author    = {K. E. Batcher},
  title     = {Sorting Networks and Their Applications},
  booktitle = {Proc.\ AFIPS},
  year      = {1968},
  pages     = {307-314},
  volume    = {32},
}

@inproceedings{DBLP:conf/charme/ClaessenSS01,
  author    = {K. Claessen and
               M. Sheeran and
               S. Singh},
  title     = {The Design and Verification of a Sorter Core},
  booktitle = {Proc.\ CHARME},
  year      = {2001},
  pages     = {355-369},
  publisher = {Springer},
  series    = lncs,
  volume    = {2144},
}

@inproceedings{DBLP:conf/types/BoveC04,
  author    = {A. Bove and
               T. Coquand},
  title     = {Formalising Bitonic Sort in Type Theory},
  booktitle = {Proc.\ TYPES},
  pages     = {82-97},
  publisher = {Springer},
  series    = lncs,
  volume    = {3839},
  year      = {2006},
}

@inproceedings{DBLP:conf/memocode/DaveAP07,
  author    = {N. Dave and
               Arvind and
               M. Pellauer},
  title     = {Scheduling as Rule Composition},
  booktitle = {Proc.\ MEMOCODE},
  year      = {2007},
  pages     = {51-60},
  publisher = {IEEE},
}

@incollection{Leroy-Marktoberdorf-09,
  author = {X. Leroy},
  title = {Mechanized semantics},
  booktitle = {Logics and languages for reliability and security},
  series = {NATO Science for Peace and Security Series D: Information and Communication Security},
  volume = 25,
  pages = {195--224},
  publisher = {IOS Press},
  year = {2010},
  urllocal = {http://gallium.inria.fr/~xleroy/courses/Marktoberdorf-2009/notes.pdf},
  urlpublisher = {http://dx.doi.org/10.3233/978-1-60750-100-8-195},
  xtopic = {mechsem},
  abstract = {The goal of this lecture is to show how modern theorem provers---in
this case, the Coq proof assistant---can be used to mechanize the specification
of programming languages and their semantics, and to reason over
individual programs and over generic program transformations,
as typically found in compilers.  The topics covered include:
operational semantics (small-step, big-step, definitional
interpreters); a simple form of denotational semantics; axiomatic
semantics and Hoare logic; generation of verification conditions, with
application to program proof; compilation to virtual machine code and
its proof of correctness; an example of an optimizing program
transformation (dead code elimination) and its proof of correctness.}
}

@inproceedings{DBLP:conf/pldi/PfenningE88,
  author    = {F. Pfenning and
               C. Elliott},
  title     = {{Higher-Order Abstract Syntax}},
  booktitle = {Proc.\ PLDI},
  year      = 1988,
  pages     = {199-208},
  publisher = {ACM},
}

@article{DBLP:journals/isse/RichardsL11,
  author    = {Dominic Richards and
               David R. Lester},
  title     = {{A monadic approach to automated reasoning for Bluespec SystemVerilog}},
  journal   = {ISSE},
  volume    = {7},
  number    = {2},
  year      = {2011},
  pages     = {85-95},
  ee        = {http://dx.doi.org/10.1007/s11334-011-0149-0},
  bibsource = {DBLP, http://dblp.uni-trier.de}
}

@MISC{fesi,
  key={fesi},
  howpublished={\url{http://gallium.inria.fr/~braibant/fe-si/}}
}


@inproceedings{DBLP:conf/cpp/Braibant11,
  author    = {T. Braibant},
  title     = {{Coquet: A Coq Library for Verifying Hardware}},
  booktitle = {Proc.\ CPP},
  year      = {2011},
  pages     = {330-345},
  publisher = {Springer},
  series    = {Lecture Notes in Computer Science},
  volume    = {7086},
}

@manual{systemc, 
key={systemc},
journal={IEEE Std 1666-2005}, 
title={{IEEE Standard System C Language Reference Manual}}, 
year=2006, 
pages={1--423}, 
doi={10.1109/IEEESTD.2006.99475},}

@inproceedings{DBLP:conf/memocode/SlobodovaDSH11,
  author    = {A. Slobodov{\'a} and
               J. Davis and
               S. Swords and
               W. A. Hunt Jr.},
  title     = {{A flexible formal verification framework for industrial
               scale validation}},
  booktitle = {Proc.\ MEMOCODE},
  year      = {2011},
  pages     = {89-97},
  publisher = {IEEE},
}

@TechReport{quartz,
  author = 	 {K. Schneider},
  title = 	 {{The Synchronous Programming Language Quartz}},
  institution =  {University of Kaiserslautern},
  year = 	 {2010},
  OPTkey = 	 {},
  OPTtype = 	 {},
  OPTnumber = 	 {},
  OPTaddress = 	 {},
  OPTmonth = 	 {},
  OPTnote = 	 {},
  OPTannote = 	 {}
}

@inproceedings{DBLP:conf/acsd/Schneider01,
  author    = {K. Schneider},
  title     = {{Embedding Imperative Synchronous Languages in Interactive
               Theorem Provers}},
  booktitle = {Proc.\ ACSD},
  year      = {2001},
  pages     = {143-154},
  publisher = {IEEE Computer Society},
}
